01REMESSA01COBRANCA       910800098824        CLUBE AZUL VIDA SAUDAVEL DE BE341BANCO ITAU SA  261216                                                                                                                                                                                                                                                                                                      000001
10218386464000143910800098824    0000                         000013640000000000000109                     I0100001364  22121600000000113743410000001N010101001000000000000002212160000000000000000000000000000000000000000100017097667788DEBORAH CRISTINA BRAGA GOUVEA           RUA DOUTOR MARCH                        BARRETO     24110651NITEROI        RJDEBORAH CRISTINA BRAGA GOUVEA     22121600 000002
9                                                                                                                                                                                                                                                                                                                                                                                                         000003
