01REMESSA01COBRANCA       910800098824        CLUBE AZUL VIDA SAUDAVEL DE BE341BANCO ITAU SA  261216                                                                                                                                                                                                                                                                                                      000001
10218386464000143910800098824    0000                         000013670000000000000109                     I0100001367  28121600000000065803410000001N010101001000000000000002812160000000000000000000000000000000000000000231976012000180PADARIA E LANCHONETE VAGALUME           RUA AMERICO SALVATORI                   ROCHA       24420500SAO GONCALO    RJPADARIA E LANCHONETE VAGALUME     28121600 000002
9                                                                                                                                                                                                                                                                                                                                                                                                         000003
