01REMESSA01COBRANCA       910800098824        CLUBE AZUL VIDA SAUDAVEL DE BE341BANCO ITAU SA  250717                                                                                                                                                                                                                                                                                                      000001
10218386464000143910800098824    0000                         000028150000000000000109                     I3100002815  26071700000000017203410000001N010101001000000000000002607170000000000000000000000000000000000000000223439718000184RESTAURANTE SOARES E GOUVEIA L          AVENIDA SETE DE SETEMBRO                MARACANA (JU33902710RIBEIRAO DAS NEMGRESTAURANTE SOARES E GOUVEIA L    26071700 000002
10218386464000143910800098824    0000                         000027670000000000000109                     I3100002767  26071700000000023803410000001N010101001000000000000002607170000000000000000000000000000000000000000215097248000190NUTRI LANCHES COMERCIO DE ALIM          AVENIDA GENERAL DAVID SARNOFF           CIDADE INDUS32210110CONTAGEM       MGNUTRI LANCHES COMERCIO DE ALIM    26071700 000003
10218386464000143910800098824    0000                         000029850000000000000109                     I3100002985  27071700000000037003410000001N010101001000000000000002707170000000000000000000000000000000000000000207230687000109MR BREW COMERCIO DE BEBIDAS LT          AVENIDA JOAO CESAR DE OLIVEIRA          SANTA CRUZ I32341000CONTAGEM       MGMR BREW COMERCIO DE BEBIDAS LT    27071700 000004
10218386464000143910800098824    0000                         000030930000000000000109                     I3100003093  27071700000000050203410000001N010101001000000000000002707170000000000000000000000000000000000000000216792687000185ESTACAO ACAI LTDA-ME                    RUA OLEODUTO                            PETROLANDIA 32072190CONTAGEM       MGESTACAO ACAI LTDA-ME              27071700 000005
10218386464000143910800098824    0000                         000029750000000000000109                     I3100002975  27071700000000010003410000001N010101001000000000000002707170000000000000000000000000000000000000000200935500000115LUZIA DE FATIMA BORGES MEIRELE          RUA REFINARIA DUQUE DE CAXIAS           PETROLANDIA 32072170CONTAGEM       MGLUZIA DE FATIMA BORGES MEIRELE    27071700 000006
10218386464000143910800098824    0000                         000029740000000000000109                     I3100002974  27071700000000016003410000001N010101001000000000000002707170000000000000000000000000000000000000000223370390000197RESTAURANTE DIVINA GULA LTDA -          RUA ANTONIO MACHADO                     LARANJEIRAS 32676624BETIM          MGRESTAURANTE DIVINA GULA LTDA -    27071700 000007
10218386464000143910800098824    0000                         000029730000000000000109                     I3100002973  27071700000000023803410000001N010101001000000000000002707170000000000000000000000000000000000000000227009671000170GERALDA ERICA SOARES DA ROCHA           RUA AMAZONAS                            VILA UNIVERS32678034BETIM          MGGERALDA ERICA SOARES DA ROCHA     27071700 000008
10218386464000143910800098824    0000                         000027520000000000000109                     I3100002752  27071700000000010003410000001N010101001000000000000002707170000000000000000000000000000000000000000215723947000106MARCOS ANTONIO JUNIOR (SORVETE          RUA MANDARIM                            JARDIM DO LA32145370CONTAGEM       MGMARCOS ANTONIO JUNIOR (SORVETE    27071700 000009
10218386464000143910800098824    0000                         000027360000000000000109                     I3100002736  27071700000000058003410000001N010101001000000000000002707170000000000000000000000000000000000000000226132858000101FELIPE PARDINI FONTES-ME (LANC          AVENIDA JK                              BOM PASTOR  35500155DIVINOPOLIS    MGFELIPE PARDINI FONTES-ME (LANC    27071700 000010
10218386464000143910800098824    0000                         000027350000000000000109                     I3100002735  27071700000000064003410000001N010101001000000000000002707170000000000000000000000000000000000000000226141793000152EDISON FERREIRA FONTES - ME (L          RUA GOIAS                               CENTRO      35500617DIVINOPOLIS    MGEDISON FERREIRA FONTES - ME (L    27071700 000011
10218386464000143910800098824    0000                         000027420000000000000109                     I3100002742  27071700000000076003410000001N010101001000000000000002707170000000000000000000000000000000000000000218574196000193LANCHONETE UM REAL LTDA (PECAI          RUA GOIAS                               CENTRO      35500617DIVINOPOLIS    MGLANCHONETE UM REAL LTDA (PECAI    27071700 000012
10218386464000143910800098824    0000                         000030470000000000000109                     I3100003047  27071700000000016003410000001N010101001000000000000002707170000000000000000000000000000000000000000219165890000110CLEVERSON WILLIAN COSTA LTDA -          AVENIDA SEVERINO BALLESTEROS RODRIGUES  RESSACA     32110005CONTAGEM       MGCLEVERSON WILLIAN COSTA LTDA -    27071700 000013
10218386464000143910800098824    0000                         000028600000000000000109                     I3100002860  27071700000000022003410000001N010101001000000000000002707170000000000000000000000000000000000000000207620315000180BAR E RESTAURANTE MANGA NO COC          RODOVIA MG 5                            ROSARIO     30190110SABARA         MGBAR E RESTAURANTE MANGA NO COC    27071700 000014
10218386464000143910800098824    0000                         000029300000000000000109                     I3100002930  27071700000000028003410000001N010101001000000000000002707170000000000000000000000000000000000000000221911336000186ESPACO PARA FESTAS INFANTIS AL          AVENIDA JOSE FARIA DA ROCHA             ELDORADO    32315040CONTAGEM       MGESPACO PARA FESTAS INFANTIS AL    27071700 000015
10218386464000143910800098824    0000                         000031270000000000000109                     I3100003127  27071700000000154003410000001N010101001000000000000002707170000000000000000000000000000000000000000220293528000103VIA SERTAO LTDA (CAFE DA TERRA          RODOVIA BR 262 KM 468,5                 ZONA RURAL  35603000ARAUJOS        MGVIA SERTAO LTDA (CAFE DA TERRA    27071700 000016
10218386464000143910800098824    0000                         000031520000000000000109                     I3100003152  27071700000000028003410000001N010101001000000000000002707170000000000000000000000000000000000000000221267786000188AILTON CESAR MOURA ME (BAR JAC          RUA PROFESSOR ABEYLARD                  CENTRO      35700069SETE LAGOAS    MGAILTON CESAR MOURA ME (BAR JAC    27071700 000017
9                                                                                                                                                                                                                                                                                                                                                                                                         000018
