02RETORNO01COBRANCA       910800098824        CLUBE VOCE DE BENEFICIOS - CVB341BANCO ITAU S.A.11051601600BPI00449120516                                                                                                                                                                                                                                                                                   000001
10218386464000143910800098824                                 05686001            175056860014             I06110516          05686001            000000000000000402034183659  000000000040000000000000000000000000000000000000000000000000000000000000000000000000000362000000000000000000000000000   12051600000000000000000000000                                                                    CK000002
10218386464000143910800098824                                 05687001            175056870013             I06110516          05687001            000000000000000536034183659  000000000040000000000000000000000000000000000000000000000000000000000000000000000000000496000000000000000000000000000   12051600000000000000000000000                                                                    CK000003
10218386464000143910800098824                                 05688001            175056880012             I06110516          05688001            000000000000000536034183659  000000000040000000000000000000000000000000000000000000000000000000000000000000000000000496000000000000000000000000000   12051600000000000000000000000                                                                    CK000004
10218386464000143910800098824                                 05689001            175056890011             I06110516          05689001            000000000000000402034183659  000000000040000000000000000000000000000000000000000000000000000000000000000000000000000362000000000000000000000000000   12051600000000000000000000000                                                                    CK000005
10218386464000143910800098824                                 05690001            175056900018             I06110516          05690001            000000000000000402034183659  000000000040000000000000000000000000000000000000000000000000000000000000000000000000000362000000000000000000000000000   12051600000000000000000000000                                                                    CK000006
10218386464000143910800098824                                 05691001            175056910017             I06110516          05691001            000000000000000268034183659  000000000040000000000000000000000000000000000000000000000000000000000000000000000000000228000000000000000000000000000   12051600000000000000000000000                                                                    CK000007
10218386464000143910800098824                                 05692001            175056920016             I06110516          05692001            000000000000000402034183659  000000000040000000000000000000000000000000000000000000000000000000000000000000000000000362000000000000000000000000000   12051600000000000000000000000                                                                    CK000008
10218386464000143910800098824                                 05693001            175056930015             I06110516          05693001            000000000000000402034183659  000000000040000000000000000000000000000000000000000000000000000000000000000000000000000362000000000000000000000000000   12051600000000000000000000000                                                                    CK000009
10218386464000143910800098824                                 05694001            175056940014             I06110516          05694001            000000000000000402034183659  000000000040000000000000000000000000000000000000000000000000000000000000000000000000000362000000000000000000000000000   12051600000000000000000000000                                                                    CK000010
10218386464000143910800098824                                 05695001            175056950013             I06110516          05695001            000000000000000402034183659  000000000040000000000000000000000000000000000000000000000000000000000000000000000000000362000000000000000000000000000   12051600000000000000000000000                                                                    CK000011
10218386464000143910800098824                                 05696001            175056960012             I06110516          05696001            000000000000000402034183659  000000000040000000000000000000000000000000000000000000000000000000000000000000000000000362000000000000000000000000000   12051600000000000000000000000                                                                    CK000012
10218386464000143910800098824                                 05697001            175056970011             I06110516          05697001            000000000000000536034183659  000000000040000000000000000000000000000000000000000000000000000000000000000000000000000496000000000000000000000000000   12051600000000000000000000000                                                                    CK000013
10218386464000143910800098824                                 05698001            175056980010             I06110516          05698001            000000000000000402034183659  000000000040000000000000000000000000000000000000000000000000000000000000000000000000000362000000000000000000000000000   12051600000000000000000000000                                                                    CK000014
10218386464000143910800098824                                 06387001            175063870014             I06110516          06387001            000000000000002800034109340  000000000040000000000000000000000000000000000000000000000000000000000000000000000000003043300000000028330000000000000   12051600000000000000000000000                                                                    CP000015
10218386464000143910800098824                                 06509001            175065090017             I06110516          06509001            000000000000000608323764626  000000000040000000000000000000000000000000000000000000000000000000000000000000000000000568300000000000000000000000000   12051600000000000000000000000                                                                    B1000016
10218386464000143910800098824                                 06521001            175065210011             I06110516          06521001            000000000000000632034184467  000000000040000000000000000000000000000000000000000000000000000000000000000000000000000655500000000006350000000000000   12051600000000000000000000000                                                                    CP000017
10218386464000143910800098824                                 06527001            175065270015             I06110516          06527001            000000000000000553034184467  000000000040000000000000000000000000000000000000000000000000000000000000000000000000000568600000000005560000000000000   12051600000000000000000000000                                                                    CP000018
10218386464000143910800098824                                 06528001            175065280014             I06110516          06528001            000000000000000632034184467  000000000040000000000000000000000000000000000000000000000000000000000000000000000000000655500000000006350000000000000   12051600000000000000000000000                                                                    CP000019
9201341          000000000000000000000000000000          000000000000000000000000000000                                                  000000000000000000000000000000          000000000000000000000000000000004490000001800000000107193                                                                                                                                                                000020
