02RETORNO01COBRANCA       910800096604        JHM ADMINISTRADORA B P LTDA   341BANCO ITAU S.A.05051501600BPI00135060515                                                                                                                                                                                                                                                                                   000001
10218136065000124910800096604                                 00000009            175000000095             I06050515          00000009            000000000000000300034191082  000000000024000000000000000000000000000000000000000000000000000000000000000000000000000276000000000000000000000000000   06051500000000000000000000000                                                                    CP000002
10218136065000124910800096604                                 00360948            175003609488             I06050515          00360948            000000000000003019010429736  000000000024000000000000000000000000000000000000000000000000000000000000000000000000002995000000000000000000000000000   06051500000000000000000000000                                                                    B5000003
10218136065000124910800096604                                 00360995            175003609959             I06050515          00360995            000000000000002600023731765  000000000024000000000000000000000000000000000000000000000000000000000000000000000000002576000000000000000000000000000   06051500000000000000000000000                                                                    B1000004
9201341          000000000000000000000000000000          000000000000000000000000000000                                                  000000000000000000000000000000          000000000000000000000000000000001350000000300000000059190                                                                                                                                                                000005
