02RETORNO01COBRANCA       910800096604        JHM ADMINISTRADORA B P LTDA   341BANCO ITAU S.A.18071401600BPI00057210714                                                                                                                                                                                                                                                                                   000001
10218136065000124910800096604                                 00037208            175000372080             I06180714          00037208            000000000000000020010431070  000000000024000000000000000000000000000000000000000000000000000000000000000000000000000004000000000000000000000000000   21071400000000000000000000000                                                                    B3000002
10218136065000124910800096604                                 00177288            175001772882             I06180714          00177288            000000000000001419034161739  000000000024000000000000000000000000000000000000000000000000000000000000000000000000001395000000000000000000000000000   21071400000000000000000000000                                                                    AA000003
9201341          000000000000000000000000000000          000000000000000000000000000000                                                  000000000000000000000000000000          000000000000000000000000000000000570000000200000000014390                                                                                                                                                                000004