02RETORNO01COBRANCA       910800098824        CLUBE VOCE DE BENEFICIOS - CVB341BANCO ITAU S.A.06071601600BPI00483070716                                                                                                                                                                                                                                                                                   000001
10218386464000143910800098824                                 00000599            175000005997             I06060716          00000599            000000000000000237003315230  000000000046000000000000000000000000000000000000000000000000000000000000000000000000000191000000000000000000000000000   07071600000000000000000000000                                                                    B1000002
10218386464000143910800098824                                 00000613            175000006136             I06060716          00000613            000000000000000553010430924  000000000046000000000000000000000000000000000000000000000000000000000000000000000000000507000000000000000000000000000   07071600000000000000000000000                                                                    B5000003
10218386464000143910800098824                                 07248001            175072480011             I06060716          07248001            000000000000002800034103582  000000000046000000000000000000000000000000000000000000000000000000000000000000000000002754000000000000000000000000000   07071600000000000000000000000                                                                    BL000004
10218386464000143910800098824                                 07291001            175072910017             I06060716          07291001            000000000000000700010402113  000000000046000000000000000000000000000000000000000000000000000000000000000000000000000654000000000000000000000000000   07071600000000000000000000000                                                                    B5000005
9201341          000000000000000000000000000000          000000000000000000000000000000                                                  000000000000000000000000000000          000000000000000000000000000000004830000000400000000042900                                                                                                                                                                000006
