02RETORNO01COBRANCA       910800098824        CLUBE VOCE DE BENEFICIOS - CVB341BANCO ITAU S.A.07061601600BPI00464080616                                                                                                                                                                                                                                                                                   000001
10218386464000143910800098824                                 00000460            175000004602             I06070616          00000460            000000000000000553010449783  000000000046000000000000000000000000000000000000000000000000000000000000000000000000000507000000000000000000000000000   08061600000000000000000000000                                                                    B5000002
10218386464000143910800098824                                 00000492            175000004925             I06070616          00000492            000000000000002212010413375  000000000046000000000000000000000000000000000000000000000000000000000000000000000000002166000000000000000000000000000   08061600000000000000000000000                                                                    B3000003
10218386464000143910800098824                                 06801001            175068010012             I06070616          06801001            000000000000003850000101271  000000000046000000000000000000000000000000000000000000000000000000000000000000000000003804000000000000000000000000000   08061600000000000000000000000                                                                    B3000004
10218386464000143910800098824                                 06802001            175068020011             I06070616          06802001            000000000000006270000101271  000000000046000000000000000000000000000000000000000000000000000000000000000000000000006224000000000000000000000000000   08061600000000000000000000000                                                                    B3000005
10218386464000143910800098824                                 06831001            175068310016             I06070616          06831001            000000000000001140003346664  000000000046000000000000000000000000000000000000000000000000000000000000000000000000001094000000000000000000000000000   08061600000000000000000000000                                                                    B3000006
10218386464000143910800098824                                 06832001            175068320015             I06070616          06832001            000000000000001252803334629  000000000046000000000000000000000000000000000000000000000000000000000000000000000000001206800000000000000000000000000   08061600000000000000000000000                                                                    B1000007
10218386464000143910800098824                                 06834001            175068340013             I06070616          06834001            000000000000002100034152985  000000000046000000000000000000000000000000000000000000000000000000000000000000000000002054000000000000000000000000000   08061600000000000000000000000                                                                    CP000008
10218386464000143910800098824                                 06844001            175068440011             I06070616          06844001            000000000000000350039905256  000000000046000000000000000000000000000000000000000000000000000000000000000000000000000304000000000000000000000000000   08061600000000000000000000000                                                                    B1000009
10218386464000143910800098824                                 06846001            175068460019             I06070616          06846001            000000000000000700010402113  000000000046000000000000000000000000000000000000000000000000000000000000000000000000000654000000000000000000000000000   08061600000000000000000000000                                                                    B5000010
10218386464000143910800098824                                 07030001            175070300013             I06070616          07030001            000000000000000624003334512  000000000046000000000000000000000000000000000000000000000000000000000000000000000000000578000000000000000000000000000   08061600000000000000000000000                                                                    B3000011
9201341          000000000000000000000000000000          000000000000000000000000000000                                                  000000000000000000000000000000          000000000000000000000000000000004640000001000000000190518                                                                                                                                                                000012
